@book{Silverman:arithmetic_elliptic,
  title={The Arithmetic of Elliptic Curves},
  author={Silverman, J.H.},
  isbn={9780387094946},
  lccn={2009926474},
  series={Graduate Texts in Mathematics},
  url={https://books.google.com/books?id=Z90CA\_EUCCkC},
  year={2009},
  publisher={Springer New York}
}

@article {Gross-Zagier:Singular,
    AUTHOR = {Gross, Benedict H. and Zagier, Don B.},
     TITLE = {On singular moduli},
   JOURNAL = {J. Reine Angew. Math.},
  FJOURNAL = {Journal f\"{u}r die Reine und Angewandte Mathematik. [Crelle's
              Journal]},
    VOLUME = {355},
      YEAR = {1985},
     PAGES = {191--220},
      ISSN = {0075-4102},
   MRCLASS = {11F03 (11G05 14K15)},
  MRNUMBER = {772491},
MRREVIEWER = {R. W. K. Odoni},
}

@article {Lauter-Viray:Singular,
    AUTHOR = {Lauter, Kristin and Viray, Bianca},
     TITLE = {On singular moduli for arbitrary discriminants},
   JOURNAL = {Int. Math. Res. Not. IMRN},
  FJOURNAL = {International Mathematics Research Notices. IMRN},
      YEAR = {2015},
    NUMBER = {19},
     PAGES = {9206--9250},
      ISSN = {1073-7928},
   MRCLASS = {11F03 (11G05 14K15)},
  MRNUMBER = {3431591},
MRREVIEWER = {Marc Masdeu},
       DOI = {10.1093/imrn/rnu223},
       URL = {https://doi.org/10.1093/imrn/rnu223},
}

@article{Lauter-Viray:Igusa,
  title={An arithmetic intersection formula for denominators of Igusa class polynomials},
  author={Lauter, Kristin and Viray, Bianca},
  journal={American Journal of Mathematics},
  volume={137},
  number={2},
  pages={497--533},
  year={2015},
  publisher={Johns Hopkins University Press}
}

@article {Dorman:elliptic_modular,
    AUTHOR = {Dorman, David R.},
     TITLE = {Special values of the elliptic modular function and
              factorization formulae},
   JOURNAL = {J. Reine Angew. Math.},
  FJOURNAL = {Journal f\"{u}r die Reine und Angewandte Mathematik. [Crelle's
              Journal]},
    VOLUME = {383},
      YEAR = {1988},
     PAGES = {207--220},
      ISSN = {0075-4102},
   MRCLASS = {11F03 (11F27 11G05 14K15 14K22)},
  MRNUMBER = {921991},
MRREVIEWER = {Autorreferat},
       DOI = {10.1515/crll.1988.383.207},
       URL = {https://doi.org/10.1515/crll.1988.383.207},
}


@book {Neukirch:Number_Theory,
    AUTHOR = {Neukirch, J\"{u}rgen},
     TITLE = {Algebraic number theory},
    SERIES = {Grundlehren der Mathematischen Wissenschaften [Fundamental
              Principles of Mathematical Sciences]},
    VOLUME = {322},
      NOTE = {Translated from the 1992 German original and with a note by
              Norbert Schappacher,
              With a foreword by G. Harder},
 PUBLISHER = {Springer-Verlag, Berlin},
      YEAR = {1999},
     PAGES = {xviii+571},
      ISBN = {3-540-65399-6},
   MRCLASS = {11Rxx (11-02 11S15 11S31 14C40)},
  MRNUMBER = {1697859},
MRREVIEWER = {Cornelius Greither},
       DOI = {10.1007/978-3-662-03983-0},
       URL = {https://doi.org/10.1007/978-3-662-03983-0},
}

@book {Cox:primes_of_the_form,
    AUTHOR = {Cox, David A.},
     TITLE = {Primes of the form {$x^2 + ny^2$}},
    SERIES = {Pure and Applied Mathematics (Hoboken)},
   EDITION = {Second},
      NOTE = {Fermat, class field theory, and complex multiplication},
 PUBLISHER = {John Wiley \& Sons, Inc., Hoboken, NJ},
      YEAR = {2013},
     PAGES = {xviii+356},
      ISBN = {978-1-118-39018-4},
   MRCLASS = {11A41 (11F11 11R11 11R16 11R18 11R37 11Y11)},
  MRNUMBER = {3236783},
MRREVIEWER = {Michael C. Berg},
       DOI = {10.1002/9781118400722},
       URL = {https://doi.org/10.1002/9781118400722},
}

@article{Stein:number_theory,
  title={Algebraic Number Theory, a computational approach},
  author={Stein, William},
  journal={preprint},
  year={November 14, 2012}
}
@book {Lang:elliptic_functions,
    AUTHOR = {Lang, Serge},
     TITLE = {Elliptic functions},
    SERIES = {Graduate Texts in Mathematics},
    VOLUME = {112},
   EDITION = {Second},
      NOTE = {With an appendix by J. Tate},
 PUBLISHER = {Springer-Verlag, New York},
      YEAR = {1987},
     PAGES = {xii+326},
      ISBN = {0-387-96508-4},
   MRCLASS = {11F03 (11G05 11G07 11G15 14G25)},
  MRNUMBER = {890960},
       DOI = {10.1007/978-1-4612-4752-4},
       URL = {https://doi.org/10.1007/978-1-4612-4752-4},
}

@article{Voight:quaternion,
  title={Quaternion algebras},
  author={Voight, John},
  journal={Version v0},
  volume={9},
  year={2018}
}
@incollection {Dorman:global_order,
    AUTHOR = {Dorman, David R.},
     TITLE = {Global orders in definite quaternion algebras as endomorphism
              rings for reduced {CM} elliptic curves},
 BOOKTITLE = {Th\'{e}orie des nombres ({Q}uebec, {PQ}, 1987)},
     PAGES = {108--116},
 PUBLISHER = {de Gruyter, Berlin},
      YEAR = {1989},
   MRCLASS = {11G05 (14K22)},
  MRNUMBER = {1024555},
MRREVIEWER = {Sheldon Kamienny},
}
